<record><leader>00000cas a22000007a 4500</leader><controlfield tag="001">18047053</controlfield><controlfield tag="008">880607c19779999ohudn ne      0    0eng d</controlfield><datafield ind1=" " ind2=" " tag="010"><subfield code="a">sn 88078596 </subfield></datafield><datafield ind1=" " ind2=" " tag="040"><subfield code="a">ONP</subfield><subfield code="b">eng</subfield><subfield code="c">ONP</subfield><subfield code="d">OCLCQ</subfield></datafield><datafield ind1="1" ind2=" " tag="029"><subfield code="a">AU@</subfield><subfield code="b">000020524094</subfield></datafield><datafield ind1="1" ind2=" " tag="029"><subfield code="a">NZ1</subfield><subfield code="b">16076227</subfield></datafield><datafield ind1=" " ind2=" " tag="042"><subfield code="a">msc</subfield></datafield><datafield ind1="0" ind2=" " tag="130"><subfield code="a">Tribune chronicle (Warren, Ohio)</subfield></datafield><datafield ind1="1" ind2="4" tag="245"><subfield code="a">The Tribune chronicle.</subfield></datafield><datafield ind1="3" ind2="0" tag="246"><subfield code="a">Sunday tribune</subfield></datafield><datafield ind1=" " ind2=" " tag="260"><subfield code="a">Warren, Ohio :</subfield><subfield code="b">Tribune Co.,</subfield><subfield code="c">1977-</subfield></datafield><datafield ind1=" " ind2=" " tag="300"><subfield code="a">v.</subfield></datafield><datafield ind1=" " ind2=" " tag="310"><subfield code="a">Daily (except Sun.)</subfield></datafield><datafield ind1="0" ind2=" " tag="362"><subfield code="a">101th year, no. 197 (Apr. 4, 1977)- = 165th year, no. 252-</subfield></datafield><datafield ind1=" " ind2=" " tag="500"><subfield code="a">On Sundays published as: Sunday tribune.</subfield></datafield><datafield ind1=" " ind2=" " tag="580"><subfield code="a">Issued with: Niles times (Niles, Ohio : 1989), Aug. 16, 1990-</subfield></datafield><datafield ind1=" " ind2="4" tag="651"><subfield code="a">Warren (Ohio)</subfield><subfield code="v">Newspapers.</subfield></datafield><datafield ind1=" " ind2="4" tag="651"><subfield code="a">Trumbull County (Ohio)</subfield><subfield code="v">Newspapers.</subfield></datafield><datafield ind1=" " ind2=" " tag="752"><subfield code="a">United States</subfield><subfield code="b">Ohio</subfield><subfield code="c">Trumbull</subfield><subfield code="d">Warren.</subfield></datafield><datafield ind1="1" ind2=" " tag="777"><subfield code="t">Niles times (Niles, Ohio : 1989)</subfield><subfield code="w">(DLC)sn 90068673</subfield></datafield><datafield ind1="0" ind2="0" tag="780"><subfield code="t">Warren tribune chronicle</subfield><subfield code="w">(DLC)sn 84028392</subfield></datafield></record>